@misc{ DSLs, 
       author = "Paul Hudak",
       title = "Modular Domain Specific Languages and Tools" }

@misc{ SPJ, 
       author = "Simon Peyton Jones",
       title = "The Implementation of Functional Programming Languages",
       year = 1987}

@misc{ Tutorial, 
       author = {Simon Peyton Jones and
       		     David Lester},
       title = "The Implementation of Functional Programming Languages: A Tutorial",
       year = 1991}

@misc{ Ext-Core,
       author = "Andrew Tolmach",
       title = "An External Representation for the GHC Core Language",
       year = 2001}

@misc{ SystemF, 
       author = {Martin Sulzmann and 
       			 Manual M. T. Chakravarty and 
       			 Simon Peyton Jones and 
       			 Kevin Donnelly},
       title = "System F with Type Equality Coercions",
       year = 2011}

@misc{ HS2JSSAPL,
       author = {Lazlo Domoszlaie and 
       			 Rinus Plasmeijer}, 
       title = "Compiling Haskell to JavaScript Through Clean's Core",
       year = 2011}

@misc{ GHCCoreSyntax, 
         author = "GHC",
  	   title = "GHC Core Definition",
  	   howpublished = 
            "\url{http://www.haskell.org/ghc/docs/7.6.2/html/libraries/ghc-7.6.2/CoreSyn.html}"
	   }

@misc{ GHC6.6CoreTools,
	   title = {"GHC Version 6.6 Core parser. /utils/ext-core"},
	   howpublished = {\url{http://www.haskell.org/ghc/download_ghc_66}}
}

@misc{ Inliner, 
        title = {Secrets of the Glashow Haskell Compiler Inliner},
        author = {Simon Peyton Jones and Simon Marlow},
        year = 1999}

@misc{ SAPL2JS,  
       author = {Eddy Burel and Jan Martin Jansen},
       title = "Implementing a non-strict purely Functional Language in JavaScript",
       year = 2010}

@misc{ Fay,
       author = "Fay",
       title = "Fay Wiki and Repository",
       howpublished = {\url{https://github.com/faylang/fay/wiki}}
      }

@misc{ Coffee,
       author = "CoffeeScript",
       title = "CoffeeScript",
       howpublished = {http://coffeescript.org/}}
      }

@misc{ JSGoodParts,
       author = "Doug Crockford",
       title = "JavaScript: The Good Parts"}

% add coffeescript, clojuerscript

